@article{Yman2016,
	Author = {Yman, Victor and White, Michael T and Rono, Josea and Arc{\`{a}}, Bruno and Osier, Faith H and Troye-, Marita and Bostr{\"{o}}m, St{\'{e}}phanie and Ronca, Raffaele and Rooth, Ingegerd and F{\"{a}}rnert, Anna},
	Doi = {10.1038/srep19472},
	Journal = {Nature Scientific Reports},
	Mendeley-Groups = {MSc Project},
	Number = {19472},
	Pages = {1--10},
	Title = {{Antibody acquisition models : A new tool for serological surveillance of malaria transmission intensity}},
	Volume = {6},
	Year = {2016},
	Bdsk-Url-1 = {http://dx.doi.org/10.1038/srep19472}}
